@article{halpern2011,
  title={Actual causation and the art of modeling},
  author={Halpern, Joseph Y and Hitchcock, Christopher},
  journal={arXiv preprint arXiv:1106.2652},
  year={2011}
}
@book{hume1739,
  title={A treatise of human nature},
  author={Hume, David},
  year={1739}
}
@article{lewis1973,
  title={Causation},
  author={Lewis, David},
  journal={The journal of philosophy},
  pages={556--567},
  year={1973},
  publisher={JSTOR}
}
@book{pearl2000,
  title={Causality: models, reasoning and inference},
  author={Pearl, Judea},
  volume={29},
  year={2000},
  publisher={Cambridge Univ Press}
}
